@book{szeliski2022computer,
  author    = {Richard Szeliski},
  edition   = {2},
  title     = {Computer Vision: Algorithms and Applications},
  publisher = {Springer},
  year      = {2022},
  url       = {https://szeliski.org/Book/}
}

@book{glassner1995principles,
  author    = {Andrew S. Glassner},
  isbn      = {1-55860-276-3},
  publisher = {Morgan Kaufmann Publishers, Inc.},
  title     = {Principles of Digital Image Synthesis},
  url       = {https://www.realtimerendering.com/Principles_of_Digital_Image_Synthesis_v1.0.1.pdf},
  year      = {1995}
}

@inproceedings{durand2002fast,
  author       = {Fr√©do Durand and Julie Dorsey},
  booktitle    = {Proceedings of the 29th Annual Conference on Computer Graphics and Interactive Techniques},
  organization = {ACM SIGGRAPH},
  title        = {Fast Bilateral Filtering for the Display of High-Dynamic-Range Images},
  url          = {https://people.csail.mit.edu/fredo/PUBLI/Siggraph2002/},
  year         = {2002}
}